<record><leader>00000cas a2200000 a 4500</leader><controlfield tag="001">45967511</controlfield><controlfield tag="007">hd afu---baca</controlfield><controlfield tag="008">010219d19021950aludr nea     0    0eng c</controlfield><datafield ind1=" " ind2=" " tag="010"><subfield code="a">  2001229027</subfield></datafield><datafield ind1=" " ind2=" " tag="040"><subfield code="a">FUG</subfield><subfield code="b">eng</subfield><subfield code="c">FUG</subfield><subfield code="d">OCLCQ</subfield><subfield code="d">OCLCF</subfield><subfield code="d">OCLCO</subfield></datafield><datafield ind1="1" ind2=" " tag="029"><subfield code="a">AU@</subfield><subfield code="b">000022296577</subfield></datafield><datafield ind1=" " ind2=" " tag="042"><subfield code="a">pcc</subfield></datafield><datafield ind1=" " ind2=" " tag="043"><subfield code="a">n-us-al</subfield></datafield><datafield ind1="0" ind2=" " tag="130"><subfield code="a">Birmingham age-herald (Birmingham, Ala. : 1902)</subfield></datafield><datafield ind1="1" ind2="0" tag="245"><subfield code="a">Birmingham age-herald</subfield><subfield code="h">[microform].</subfield></datafield><datafield ind1="1" ind2=" " tag="246"><subfield code="i">Sunday issues for &lt;June 5, 1927-May 7, 1950&gt; published as combined issue with Birmingham news, with title:</subfield><subfield code="a">Birmingham news, the Birmingham age-herald</subfield></datafield><datafield ind1="1" ind2="7" tag="246"><subfield code="a">Age-herald</subfield></datafield><datafield ind1=" " ind2=" " tag="260"><subfield code="a">Birmingham, Ala. :</subfield><subfield code="b">Age-Herald Co.,</subfield><subfield code="c">1902-1950.</subfield></datafield><datafield ind1=" " ind2=" " tag="300"><subfield code="a">52 v.</subfield></datafield><datafield ind1=" " ind2=" " tag="310"><subfield code="a">Daily</subfield></datafield><datafield ind1="0" ind2=" " tag="362"><subfield code="a">Vol. 28, no. 330 (May 21, 1902)-v. 80, no. 54 (May 13, 1950).</subfield></datafield><datafield ind1=" " ind2=" " tag="515"><subfield code="a">Publication suspended with July 12, 1945 issue due to a printers' strike; resumed publication with Aug. 17, 1945 issue.</subfield></datafield><datafield ind1=" " ind2=" " tag="530"><subfield code="a">Also issued in the original paper ed.</subfield></datafield><datafield ind1=" " ind2=" " tag="580"><subfield code="a">Also published in a weekly ed.</subfield></datafield><datafield ind1=" " ind2=" " tag="533"><subfield code="a">Microfilm.</subfield><subfield code="b">Washington, D.C. :</subfield><subfield code="c">Library of Congress Photoduplication Service,</subfield><subfield code="d">1965.</subfield><subfield code="e">microfilm reels ; 35 mm.</subfield></datafield><datafield ind1=" " ind2="0" tag="651"><subfield code="a">Birmingham (Ala.)</subfield><subfield code="v">Newspapers.</subfield></datafield><datafield ind1=" " ind2="0" tag="651"><subfield code="a">Jefferson County (Ala.)</subfield><subfield code="v">Newspapers.</subfield></datafield><datafield ind1=" " ind2="7" tag="655"><subfield code="a">Newspapers.</subfield><subfield code="2">fast</subfield><subfield code="0">(OCoLC)fst01423814</subfield></datafield><datafield ind1=" " ind2="7" tag="651"><subfield code="a">Alabama</subfield><subfield code="z">Birmingham.</subfield><subfield code="2">fast</subfield><subfield code="0">(OCoLC)fst01204958</subfield></datafield><datafield ind1=" " ind2="7" tag="651"><subfield code="a">Alabama</subfield><subfield code="z">Jefferson County.</subfield><subfield code="2">fast</subfield><subfield code="0">(OCoLC)fst01205965</subfield></datafield><datafield ind1=" " ind2=" " tag="752"><subfield code="a">United States</subfield><subfield code="b">Alabama</subfield><subfield code="c">Jefferson</subfield><subfield code="d">Birmingham.</subfield></datafield><datafield ind1="1" ind2=" " tag="776"><subfield code="c">Original</subfield><subfield code="w">(DLC)sn 85038485</subfield><subfield code="w">(OCoLC)12607279</subfield></datafield><datafield ind1="0" ind2="0" tag="780"><subfield code="t">Age-herald</subfield><subfield code="w">(DLC)  2001022926</subfield><subfield code="w">(OCoLC)8746277</subfield></datafield><datafield ind1="0" ind2="7" tag="785"><subfield code="t">Birmingham post</subfield></datafield><datafield ind1="0" ind2="7" tag="785"><subfield code="t">Birmingham post-herald</subfield><subfield code="x">1040-1571</subfield></datafield><datafield ind1=" " ind2=" " tag="850"><subfield code="a">FU</subfield></datafield></record>